@mastersthesis{dickerson2006model,
    title = {{Model and analysis of role-based access control in SELinux using description logic}},
    author = {Alan Ashton Dickerson},
    year = {2006},
    school = {Technical University of Denmark, DTU, DK-2800 Kgs. Lyngby, Denmark},
    url = {https://www2.imm.dtu.dk/pubdb/edoc/imm4446.pdf}
}

@online{selinuxproject-type,
    author = {{SELinux Project}},
    organization = {SELinux Wiki},
    title = {Type Statements},
    year = {2014},
    month = {December},
    url = {https://selinuxproject.org/page/TypeStatements}
}

@online{selinuxproject-avc,
    author = {{SELinux Project}},
    organization = {SELinux Wiki},
    title = {Access Vector Rules},
    year = {2015},
    month = {July},
    url = {https://selinuxproject.org/page/AVCRules}
}

@article{principles,
    author = {Ravi Sandhu},
    journal = {IEEE Communications Magazine},
    title = {Access control: principle and practice},
    year = {1994},
    month = {September},
    volume = {32},
    number = {9},
    pages = {40--48},
    doi = {10.1109/35.312842},
    url = {https://ieeexplore.ieee.org/abstract/document/312842}
}

@techreport{runge-selinux,
    title = {SELinux: A new approach to secure systems},
    author = {Chris Runge},
    institution = {Red Hat},
    year = {2012},
    url = {https://gelit.ch/td/SELinux/Publications/5_RH_Overview_2012.pdf}
}

@book{rbac-nist,
    author = {David Ferraiolo and Richard Kuhn and Ramaswamy Chandramouli},
    publisher = {Artech House},
    isbn = {978-1-59693-113-8},
    organization = {{U.S. National Institute of Standards and Technology (Computer Security Resource Center)}},
    title = {{Role Based Access Control}},
    edition = {2nd},
    year = {2007},
    address = {Norwood, MA, USA}
}

@book{crypto,
    author = {Dorothy Elizabeth Robling Denning},
    title = {{Cryptography and Data Security}},
    year = {1982},
    address = {Reading, MA, USA},
    publisher = {Addison-Wesley},
    isbn = {0-201-10150-5}
}

@incollection{cyber-security,
    author = {Rossouw {von Solms} and Johan {van Niekerk}},
    booktitle = {Computers \& Security},
    title = {{From information security to cyber security}},
    publisher = {Elsevier},
    volume = {38},
    pages = {97--102},
    year = {2013},
    issn = {0167-4048},
    doi = {10.1016/j.cose.2013.04.004},
    url = {https://www.sciencedirect.com/science/article/pii/S0167404813000801}
}

@inproceedings{smt-lib,
    title = {The smt-lib standard: Version 2.0},
    author = {Clark Barrett and Aaron Stump and Cesare Tinelli and others},
    booktitle = {Proceedings of the 8th International Workshop on Satisfiability Modulo Theories},
    publisher = {University of Iowa and affiliated institutions},
    address = {Edinburgh, UK},
    volume = {13},
    pages = {14},
    month = {July},
    year = {2010}
}

@mastersthesis{smt-solver-comparison,
    title = {SMT Solver Comparison},
    author = {HÃ¶fler, Andrea and Wotawa, Franz and Hofer, Brigit},
    school = {Graz University of Technology},
    address = {Graz, Austria},
    year = {2014},
    url = {https://spreadsheets.ist.tugraz.at/wp-content/uploads/sites/3/2015/06/DS_Hoefler.pdf}
}

@inproceedings{dac-trojan,
    author = {Ninghui Li},
    booktitle = {2008 IEEE International Symposium on Parallel and Distributed Processing},
    title = {How to make Discretionary Access Control secure against trojan horses},
    publisher = {IEEE},
    year = {2008},
    month = {April},
    pages = {1--3},
    issn = {1530-2075},
    address = {Miami, FL, USA},
    doi = {10.1109/IPDPS.2008.4536104}
}

@inproceedings{selinux-android,
    title = {Security Enhanced (SE) Android: Bringing Flexible MAC to Android},
    author = {Stephen Dale Smalley and Robert Craig},
    booktitle = {20th Annual Network \& Distributed System Security Symposium},
    publisher = {Internet Society},
    month = {April},
    year = {2013},
    pages = {},
    address = {San Diego, CA, USA},
    doi = {10.1145/3134600.3134638},
}

@inproceedings{rbac-least-privilege,
    title = {Using RBAC to enforce the principle of least privilege in industrial remote maintenance sessions},
    author = {Kern, Alexander and Anderl, Reiner},
    booktitle = {2018 Fifth International Conference on Internet of Things: Systems, Management and Security},
    pages = {107--114},
    year = {2018},
    month = {October},
    address = {Valencia, Spain},
    publisher = {IEEE},
    url = {https://ieeexplore.ieee.org/document/8554805}
}

@inproceedings{rbac-isabelle,
    author = {Michael Drouineaud and Paolo Torrini and Karsten Sohr and others},
    booktitle = {Proceedings of the Fourth International Conference on Quality Software},
    title = {A first step towards formal verification of security policy properties for RBAC},
    publisher = {IEEE},
    month = {September},
    year = {2004},
    pages = {60--67},
    address = {Braunschweig, Germany},
    isbn = {0-7695-2207-6},
    doi = {10.1109/QSIC.2004.1357945}
}

@inproceedings{MLS,
    author = {Kuliamin, Victor and Khoroshilov, Alexey and Medveded, Denis},
    booktitle = {2019 Actual Problems of Systems and Software Engineering (APSSE)},
    title = {Formal Modeling of Multi-Level Security and Integrity Control Implemented with SELinux},
    year = {2019},
    volume = {},
    number = {},
    publisher = {IEEE},
    address = {Moscow, Russia},
    pages = {131--136},
    doi = {10.1109/APSSE47353.2019.00024}
}

@inproceedings{JingBai,
    author = {Bai, Jing and Zhai, Gaoshou},
    year = {2012},
    month = {May},
    pages = {1231--1235},
    volume = {},
    number = {},
    address = {Yantai, China},
    title = {Study on analysis for SELinux security policy},
    booktitle = {2012 International Conference on Systems and Informatics, ICSAI 2012},
    publisher = {IEEE},
    doi = {10.1109/ICSAI.2012.6223257}
}

@inproceedings{SELAC,
    author = {Zanin, Giorgio and Mancini, Luigi Vincenzo},
    title = {Towards a Formal Model for Security Policies Specification and Validation in the SELinux System},
    year = {2004},
    isbn = {1581138725},
    publisher = {Association for Computing Machinery},
    address = {New York, NY, USA},
    url = {https://doi.org/10.1145/990036.990059},
    doi = {10.1145/990036.990059},
    booktitle = {Proceedings of the Ninth ACM Symposium on Access Control Models and Technologies},
    pages = {136--145},
    numpages = {10},
    series = {SACMAT '04}
}

@mastersthesis{automated-prover,
    author = {McElroy, Kelly},
    title = {Applying Automated Theorem Proving to Computer Security},
    school = {Air Force Institute of Technology},
    url = {https://scholar.afit.edu/etd/2755},
    year = {2008},
    address = {Dayton, OH, USA}
}

@misc{CVE-2021-0691,
    author = {NIST},
    title = {Common Vulnerabilities and Exposures: CVE-2021-0691},
    howpublished = {National Vulnerability Database},
    url = {https://nvd.nist.gov/vuln/detail/CVE-2021-0691},
    year = {2021},
    month = {June}
}

@inproceedings{rustC,
    author = {Costanzo, Manuel and Rucci, Enzo and Naiouf, Marcelo and De Giusti, Armando},
    year = {2021},
    month = {October},
    pages = {1--10},
    title = {Performance vs Programming Effort between Rust and C on Multicore Architectures: Case Study in N-Body},
    booktitle = {2021 XLVII Latin American Computing Conference (CLEI)},
    publisher = {IEEE},
    address = {Cartago, Costa Rica},
    doi = {10.1109/CLEI53233.2021.9640225}
}

@misc{android11,
    author = {Jeff Vander Stoep},
    title = {Android Open Source Project: system\_app: remove adb data loader permissions},
    url = {https://android.googlesource.com/platform/system/sepolicy/+/972b000898a21a9b9eb43d209246dc671b3d815b},
    year = {2021}
}

@misc{rust-ci,
    author = {{Contributors of} Rust},
    howpublished = {GitHub},
    title = {rust-lang/rust Workflow Runs},
    url = {https://github.com/rust-lang/rust/actions},
    year = {2023}
}

@inbook{HandbookSatisfiability,
    author = {Clark Barrett and Roberto Sebastiani and Sanjit Seshia and Cesare Tinelli},
    title = {Satisfiability Modulo Theories},
    booktitle = {Handbook of Satisfiability},
    year = {2008},
    publisher = {IOS Press},
    chapter = {13},
    address = {Amsterdam, Netherlands},
    pages = {737--797}
}
